<?xml version="1.0" encoding="UTF-8"?><collection xmlns="http://www.loc.gov/MARC21/slim"><record><leader>00520nam--2200169-i-4500</leader><controlfield tag="001">000023596</controlfield><controlfield tag="002">20161230</controlfield><controlfield tag="005">20170302090706</controlfield><controlfield tag="008">060222s1000------------r-----000-0-rum-d</controlfield><datafield ind1=" " ind2=" " tag="040"><subfield code="a">IFIN- HH</subfield></datafield><datafield ind1=" " ind2=" " tag="080"><subfield code="a">537(075.8)</subfield></datafield><datafield ind1="1" ind2=" " tag="100"><subfield code="a">Ionescu, Theodor</subfield></datafield><datafield ind1="1" ind2="0" tag="245"><subfield code="a">Electricitatea pentru uzul studentilor de la facultatile de matematica si fizica.editia a II-a</subfield></datafield><datafield ind1=" " ind2=" " tag="260"><subfield code="a">Bucuresti, Editura De Stat Didactica Si Pedagogica 1961, 610p</subfield></datafield><datafield ind1="1" ind2=" " tag="700"><subfield code="a">Theodor, Ionescu</subfield></datafield><datafield ind1=" " ind2=" " tag="852"><subfield code="a">33193</subfield><subfield code="b">HH</subfield></datafield><datafield ind1=" " ind2=" " tag="CAT"><subfield code="a">SYS</subfield><subfield code="c">20170302</subfield><subfield code="h">090706</subfield></datafield></record></collection>